@STRING{LASTEDIT = {07/MAY/2018}}

@Article{knut-bams-1-337,
  author = 	 {Donald E. Knuth},
  title = 	 {Mathematical typography},
  journal =	 BAMS,
  year = 	 {1979},
  volume = 	 {1},
  pages = 	 {337--372}
}
