@STRING{LASTEDIT = {07/MAY/2018}}

@Book{kohm-m-2014,
  author = 		 {Markus Kohm},
  title = 		 {{KOMA-Script}},
  publisher =	 {Lehmanns Media},
  year = 		 {2014},
  edition = 	 {5., {\"u}berarbeitete und erweiterte Auflage},
  address = 	 {Berlin}
}

@Book{kopka-h-2000,
  author = 		 {Helmut Kopka},
  title = 		 {{\LaTeX{} Band 1: Einf{\"u}hrung}},
  publisher =	 {Addison-Wesley},
  year = 		 {2000},
  edition = 	 {3., {\"u}berarbeitete Auflage},
  address = 	 {M{\"u}nchen}
}

@Book{wittgenstein-l-1963,
  author = 	 	 {Ludwig Wittgenstein},
  title = 	 	 {{Logisch-philosophische Abhandlung \emph{Tractatus logico-philosophicus}}},
  publisher = 	 {Suhrkamp},
  year = 	 	 1963,
  address = 	 {Frankfurt am Main}
}
